@article{nace2008max,
  title={Max-min fairness and its applications to routing and load-balancing in communication networks: a tutorial},
  author={Nace, Dritan and Pi{\'o}ro, Michal},
  journal={IEEE Communications Surveys \& Tutorials},
  volume={10},
  number={4},
  year={2008},
  publisher={IEEE}
}


@inproceedings{chakrabarty2009allocating,
  title={On allocating goods to maximize fairness},
  author={Chakrabarty, Deeparnab and Chuzhoy, Julia and Khanna, Sanjeev},
  booktitle={Foundations of Computer Science, 2009. FOCS'09. 50th Annual IEEE Symposium on},
  pages={107--116},
  year={2009},
  organization={IEEE}
}


@inproceedings{santaclaus06,
  title={{The Santa Claus Problem}},
  author={Bansal, N. and Sviridenko, M.},
  booktitle={Proceedings
of ACM Symposium on the Theory of Computation
(STOC)},
  pages=31--40},
  year={2006}
}


@article{boyd2006subgradient,
  title={Subgradient methods},
  author={Boyd, Stephen and Mutapcic, Almir},
  journal={Lecture notes of EE364b, Stanford University, Winter Quarter},
  volume={2007},
  year={2006}
}


@article{mo2000fair,
  title={Fair end-to-end window-based congestion control},
  author={Mo, Jeonghoon and Walrand, Jean},
  journal={IEEE/ACM Transactions on Networking (ToN)},
  volume={8},
  number={5},
  pages={556--567},
  year={2000},
  publisher={IEEE Press}
}

@article{parikh2014proximal,
  title={Proximal algorithms},
  author={Parikh, Neal and Boyd, Stephen and others},
  journal={Foundations and Trends{\textregistered} in Optimization},
  volume={1},
  number={3},
  pages={127--239},
  year={2014},
  publisher={Now Publishers, Inc.}
}


@article{boyd2011distributed,
  title={Distributed optimization and statistical learning via the alternating direction method of multipliers},
  author={Boyd, Stephen and Parikh, Neal and Chu, Eric and Peleato, Borja and Eckstein, Jonathan and others},
  journal={Foundations and Trends{\textregistered} in Machine Learning},
  volume={3},
  number={1},
  pages={1--122},
  year={2011},
  publisher={Now Publishers, Inc.}
}

@book{ahuja2014network,
  title={Network flows},
  author={Ahuja, Ravindra K and Magnanti, Thomas L and Orlin, James B},
  year={2014},
  publisher={Elsevier}
}

